
% Equivariant cohomology
@article{goertsches2019equivariant,
  title={Equivariant de Rham cohomology: theory and applications},
  author={Goertsches, Oliver and Zoller, Leopold},
  journal={S{\~a}o Paulo Journal of Mathematical Sciences},
  volume={13},
  pages={539--596},
  year={2019},
  publisher={Springer}
}
@article{milnor1956constructionI,
  title={Construction of universal bundles, I},
  author={Milnor, John},
  journal={Annals of Mathematics},
  volume={63},
  number={2},
  pages={272--284},
  year={1956},
  publisher={JSTOR}
}
@article{milnor1956constructionII,
  title={Construction of universal bundles, II},
  author={Milnor, John},
  journal={Annals of Mathematics},
  volume={63},
  number={3},
  pages={430--436},
  year={1956},
  publisher={JSTOR}
}
@book{tu2020equivariant,
 ISBN = {9780691191751},
 abstract = { This book gives a clear introductory account of equivariant cohomology, a central topic in algebraic topology. Equivariant cohomology is concerned with the algebraic topology of spaces with a group action, or in other words, with symmetries of spaces. First defined in the 1950s, it has been introduced into K-theory and algebraic geometry, but it is in algebraic topology that the concepts are the most transparent and the proofs are the simplest. One of the most useful applications of equivariant cohomology is the equivariant localization theorem of Atiyah-Bott and Berline-Vergne, which converts the integral of an equivariant differential form into a finite sum over the fixed point set of the group action, providing a powerful tool for computing integrals over a manifold. Because integrals and symmetries are ubiquitous, equivariant cohomology has found applications in diverse areas of mathematics and physics.  Assuming readers have taken one semester of manifold theory and a year of algebraic topology, Loring Tu begins with the topological construction of equivariant cohomology, then develops the theory for smooth manifolds with the aid of differential forms. To keep the exposition simple, the equivariant localization theorem is proven only for a circle action. An appendix gives a proof of the equivariant de Rham theorem, demonstrating that equivariant cohomology can be computed using equivariant differential forms. Examples and calculations illustrate new concepts. Exercises include hints or solutions, making this book suitable for self-study.  },
 author = {Loring W. Tu and Alberto Arabia},
 publisher = {Princeton University Press},
 title = {Introductory Lectures on Equivariant Cohomology},
 year = {2020}
}
@article{meinrenken2006equivariant,
  title={Equivariant cohomology and the Cartan model},
  author={Meinrenken, Eckhard},
  journal={Encyclopedia of mathematical physics},
  volume={2},
  pages={242--250},
  year={2006},
  publisher={Academic Press Cambridge, MA}
}
@article{pestun2017localization,
  title={Localization techniques in quantum field theories},
  author={Pestun, Vasily and Zabzine, Maxim and Benini, Francesco and Dimofte, Tudor and Dumitrescu, Thomas T and Hosomichi, Kazuo and Kim, Seok and Lee, Kimyeong and Le Floch, Bruno and Mari{\~n}o, Marcos and others},
  journal={Journal of Physics A: Mathematical and Theoretical},
  volume={50},
  number={44},
  pages={440301},
  year={2017},
  publisher={IOP Publishing},
  archivePrefix={arXiv},
  eprint={1608.02952},
}
@article{witten1982supersymmetry,
  title={Supersymmetry and Morse theory},
  author={Witten, Edward},
  journal={Journal of Differential Geometry},
  volume={17},
  number={4},
  pages={661--692},
  year={1982},
  publisher={Lehigh University}
}
@article{duistermaat1982variation,
  title={On the variation in the cohomology of the symplectic form of the reduced phase space},
  author={Duistermaat, Johannes J and Heckman, Gerrit J},
  journal={Inventiones mathematicae},
  volume={69},
  number={2},
  pages={259--268},
  year={1982},
  publisher={Springer-Verlag Berlin/Heidelberg}
}
@article{atiyah1984moment,
  title={The moment map and equivariant cohomology},
  author={Atiyah, Michael F and Bott, Raoul},
  journal={Topology},
  volume={23},
  number={1},
  pages={1--28},
  year={1984},
  publisher={Citeseer}
}
@article{berline1982classes,
  title={Classes caract{\'e}ristiques {\'e}quivariantes. Formule de localisation en cohomologie {\'e}quivariante},
  author={Berline, Nicole and Vergne, Mich{\`e}le},
  journal={CR Acad. Sci. Paris},
  volume={295},
  number={2},
  pages={539--541},
  year={1982}
}
@article{bott2001equivariant,
  title={Equivariant characteristic classes in the Cartan model},
  author={Bott, Raoul and Tu, Loring W},
  journal={Geometry, Analysis and Applications (Varanasi, 2000)},
  pages={3--20},
  year={2001},
  archivePrefix={arXiv},
  eprint={math/0102001},
}
@article{borel1953cohomologie,
  title={Sur la cohomologie des espaces fibr{\'e}s principaux et des espaces homogenes de groupes de Lie compacts},
  author={Borel, Armand},
  journal={Annals of Mathematics},
  volume={57},
  number={1},
  pages={115--207},
  year={1953},
  publisher={JSTOR}
}
@book{anderson2023equivariant,
  title={Equivariant cohomology in algebraic geometry},
  author={Anderson, David and Fulton, William},
  year={2023},
  publisher={Cambridge University Press}
}
@book{guillemin2013supersymmetry,
  title={Supersymmetry and equivariant de Rham theory},
  author={Guillemin, Victor W and Sternberg, Shlomo},
  year={2013},
  publisher={Springer Science \& Business Media}
}




% Random matrix theory
@preprint{eynard2015random,
  title={Random matrices},
  author={Eynard, Bertrand and Kimura, Taro and Ribault, Sylvain},
  archivePrefix={arXiv},
  eprint={1510.04430},
  year={2015}
}
@preprint{bouchard2024houches,
  title={Les Houches lecture notes on topological recursion},
  author={Bouchard, Vincent},
  archivePrefix={arXiv},
  eprint={2409.06657},
  year={2024}
}
@article{eynard2016counting,
  title={Counting surfaces},
  author={Eynard, Bertrand and others},
  journal={Progress in Mathematical Physics},
  volume={70},
  pages={414},
  year={2016},
  publisher={Springer}
}
@article{borot2013asymptotic,
  title={Asymptotic expansion of $\beta$ matrix models in the one-cut regime},
  author={Borot, Ga{\"e}tan and Guionnet, Alice},
  journal={Communications in Mathematical Physics},
  volume={317},
  pages={447--483},
  year={2013},
  publisher={Springer},
  archivePrefix={arXiv},
  eprint={1107.1167},
}
@article{borodin2017gaussian,
  title={Gaussian asymptotics of discrete $\beta$-ensembles},
  author={Borodin, Alexei and Gorin, Vadim and Guionnet, Alice},
  journal={Publications math{\'e}matiques de l'IH{\'E}S},
  volume={125},
  number={1},
  pages={1--78},
  year={2017},
  publisher={Springer},
  archivePrefix={arXiv},
  eprint={1505.03760},
}
@book{anderson2010introduction,
  title={An introduction to random matrices},
  author={Anderson, Greg W and Guionnet, Alice and Zeitouni, Ofer},
  number={118},
  year={2010},
  publisher={Cambridge university press}
}
@article{borot2013abstract,
  title={Abstract loop equations, topological recursion, and applications},
  author={Borot, Ga{\"e}tan and Eynard, Bertrand and Orantin, Nicolas},
  journal={arXiv preprint arXiv:1303.5808},
  year={2013}
}



% Instanton counting
@article{nekrasov2002seiberg,
  title={Seiberg-Witten Prepotential From Instanton Counting},
  author={Nekrasov, Nikita A},
  journal={Advances in Theoretical and Mathematical Physics},
  volume={7(5)},
  pages={831-864},
  year={2003},
  archivePrefix={arXiv},
  eprint={hep-th/0206161},
}
@article{nakajima2005instanton,
  title={Instanton counting on blowup. I. 4-dimensional pure gauge theory},
  author={Nakajima, Hiraku and Yoshioka, Kota},
  journal={Inventiones mathematicae},
  volume={162},
  number={2},
  pages={313--355},
  year={2005},
  publisher={Springer},
  archivePrefix={arXiv},
  eprint={math/0306198},
}
@incollection{nekrasov2006seiberg,
  title={Seiberg-Witten theory and random partitions},
  author={Nekrasov, Nikita A and Okounkov, Andrei},
  booktitle={The Unity of Mathematics: In Honor of the Ninetieth Birthday of IM Gelfand},
  pages={525--596},
  year={2006},
  publisher={Springer},
  archivePrefix={arXiv},
  eprint={hep-th/0306238},
}
@article{moore2000integrating,
  title={Integrating over Higgs branches},
  author={Moore, Gregory and Nekrasov, Nikita and Shatashvili, Samson},
  journal={Communications in Mathematical Physics},
  volume={209},
  pages={97--121},
  year={2000},
  publisher={Springer},
  archivePrefix={arXiv},
  eprint={hep-th/9712241},
}
@article{marino2004note,
  title={A note on instanton counting for $\mathcal N=2$ gauge theories with classical gauge groups},
  author={Marino, Marcos and Wyllard, Niclas},
  journal={Journal of High Energy Physics},
  volume={2004},
  number={05},
  pages={021},
  year={2004},
  publisher={IOP Publishing},
  archivePrefix={arXiv},
  eprint={hep-th/0404125},
}
@article{nekrasov2004abcd,
  title={ABCD of instantons},
  author={Nekrasov, Nikita and Shadchin, Sergey},
  journal={Communications in Mathematical Physics},
  volume={252},
  pages={359--391},
  year={2004},
  publisher={Springer},
  archivePrefix={arXiv},
  eprint={hep-th/0404225},
}




% Moduli spaces
@article{bartocci2017moduli,
  title={Moduli spaces of framed sheaves and quiver varieties},
  author={Bartocci, Claudio and Lanza, Valeriano and Rava, Claudio LS},
  journal={Journal of Geometry and Physics},
  volume={118},
  pages={20--39},
  year={2017},
  publisher={Elsevier}
}
@article{atiyah1978construction,
       author = {{Atiyah}, M.~F. and {Hitchin}, N.~J. and {Drinfeld}, V.~G. and {Manin}, Yu. I.},
        title = "{Construction of instantons}",
      journal = {Physics Letters A},
         year = 1978,
        month = mar,
       volume = {65},
       number = {3},
        pages = {185-187},
          doi = {10.1016/0375-9601(78)90141-X},
      adsnote = {Provided by the SAO/NASA Astrophysics Data System}
}
@inbook{langer2008torsion,
  author  = {Adrian Langer},
  title   = {Algebraic Cycles, Sheaves, Shtukas, and Moduli},
  chapter = {Lectures on Torsion-free Sheaves and Their Moduli},
  pages   = {69-103},
  year    = {2008},
  publisher = {Birkhäuser Verlag AG},
  address   = {Basel},
}
@article{nakajima1994resolutions,
  title={Resolutions of moduli spaces of ideal instantons on $\mathbb{R}^4$},
  author={Nakajima, Hiraku},
  journal={Topology, Geometry and Field Theory},
  pages={129--136},
  year={1994},
  publisher={World Scientific}
}
@book{nakajima1999lectures,
  title={Lectures on Hilbert schemes of points on surfaces},
  author={Nakajima, Hiraku},
  number={18},
  year={1999},
  publisher={American Mathematical Society}
}
@book{donaldson1997geometry,
  title={The geometry of four-manifolds},
  author={Donaldson, Simon Kirwan and Kronheimer, Peter B},
  year={1997},
  publisher={Oxford University Press}
}
@article{nekrasov1998instantons,
  title={Instantons on noncommutative $\mathbb{R}^4$, and $(2, 0)$ superconformal six dimensional theory},
  author={Nekrasov, Nikita and Schwarz, Albert},
  journal={Communications in Mathematical Physics},
  volume={198},
  pages={689--703},
  year={1998},
  publisher={Springer},
  archivePrefix={arXiv},
  eprint={hep-th/9802068},
}
@article{hitchin1987hyperkahler,
  title={Hyperkähler metrics and supersymmetry},
  author={Hitchin, Nigel J and Karlhede, Anders and Lindström, Ulf and Ro{\v{c}}ek, Martin},
  journal={Communications in Mathematical Physics},
  volume={108},
  number={4},
  pages={535--589},
  year={1987},
  publisher={Springer}
}
@article{uhlenbeck1982removable,
  title={Removable singularities in Yang-Mills fields},
  author={Uhlenbeck, Karen K},
  journal={Communications in Mathematical Physics},
  volume={83},
  pages={11--29},
  year={1982},
  publisher={Springer}
}
@article{barth1977moduli,
  title={Moduli of vector bundles on the projective plane},
  author={Barth, Wolf},
  journal={Inventiones mathematicae},
  volume={42},
  number={1},
  pages={63--91},
  year={1977},
  publisher={Springer}
}
@article{donaldson1984instantons,
  title={Instantons and geometric invariant theory},
  author={Donaldson, Simon K},
  journal={Communications in Mathematical Physics},
  volume={93},
  pages={453--460},
  year={1984},
  publisher={Springer}
}
@book{kirillov2016quiver,
  title={Quiver representations and quiver varieties},
  author={Kirillov Jr, Alexander},
  volume={174},
  year={2016},
  publisher={American Mathematical Society}
}
@article{ellingsrud1987homology,
  title={On the homology of the Hilbert scheme of points in the plane},
  author={Ellingsrud, Geir and Str{\o}mme, Stein Arild},
  journal={Inventiones mathematicae},
  volume={87},
  pages={343--352},
  year={1987},
  publisher={Springer-Verlag}
}
@article{nakajima1994instantons,
  title={Instantons on ALE spaces, quiver varieties, and Kac-Moody algebras},
  author={Nakajima, Hiraku},
  journal={Duke Mathematical Journal},
  volume={76(2)},
  pages={365--416},
  year={1994}
}


@article{t1976computation,
  title={Computation of the quantum effects due to a four-dimensional pseudoparticle},
  author={'t Hooft, Gerard},
  journal={Physical Review D},
  volume={14},
  number={12},
  pages={3432--3450},
  year={1976}
}




% representations and K theory
@unpublished{tomdieck2009representation,
    author = {tom Dieck, Tammo},
    title = {Representation Theory},
    url = {https://ncatlab.org/nlab/files/tomDieckRepresentationTheory.pdf},
    year = {2009},
    note = {Preliminary version}
}
@book{fulton2013representation,
  title={Representation theory: a first course},
  author={Fulton, William and Harris, Joe},
  volume={129},
  year={2013},
  publisher={Springer Science \& Business Media}
}
@article{cartan1913groupes,
  title={Les groupes projectifs qui ne laissent invariante aucune multiplicit{\'e} plane},
  author={Cartan, {\'E}lie},
  journal={Bulletin de la Soci{\'e}t{\'e} Math{\'e}matique de France},
  volume={41},
  pages={53--96},
  year={1913}
}
@book{bump2004lie,
  title={Lie groups},
  author={Bump, Daniel},
  volume={225},
  year={2004},
  publisher={Springer}
}
@preprint{fok2023stroll,
  title={A stroll in equivariant $K$-theory},
  author={Fok, Chi-Kwong},
  archivePrefix={arXiv},
  eprint={2306.06951},
  year={2023}
}
@book{chari1995guide,
  title={A guide to quantum groups},
  author={Chari, Vyjayanthi and Pressley, Andrew N},
  year={1995},
  publisher={Cambridge University Press}
}
@inproceedings{drinfeld1987new,
  title={A new realization of Yangians and of quantum affine algebras},
  author={Drinfeld, Vladimir Gershonovich},
  booktitle={Doklady Akademii Nauk},
  volume={296},
  number={1},
  pages={13--17},
  year={1987},
  organization={Russian Academy of Sciences}
}
@article{chari1994quantum,
  title={Quantum affine algebras and their representations},
  author={Chari, Vyjayanthi and Pressley, AN},
  journal={Representations of Groups},
  volume={16},
  pages={59--78},
  year={1995},
  eprint={hep-th/9411145},
  archivePrefix={arXiv},
}
@article{varagnolo2000quiver,
  title={Quiver varieties and Yangians},
  author={Varagnolo, Michela},
  journal={Letters in Mathematical Physics},
  volume={53},
  pages={273--283},
  year={2000},
  publisher={Springer},
  eprint={math/0005277},
  archivePrefix={arXiv},
}
@article{guay2012quantum,
  title={From quantum loop algebras to Yangians},
  author={Guay, Nicolas and Ma, Xiaoguang},
  journal={Journal of the London Mathematical Society},
  volume={86},
  number={3},
  pages={683--700},
  year={2012},
  publisher={Oxford University Press}
}


% q- and qq-characters
@article{nekrasov2016bps,
  title={BPS/CFT correspondence: non-perturbative Dyson-Schwinger equations and $qq$-characters},
  author={Nekrasov, Nikita},
  journal={Journal of High Energy Physics},
  volume={2016},
  number={3},
  pages={1--70},
  year={2016},
  publisher={Springer},
  eprint={1512.05388},
  archivePrefix={arXiv},
}
@article{frenkel2008qcharacters,
  title={The $q$-characters of representations of quantum affine algebras and deformations of W-algebras}, 
  author={Edward Frenkel and Nicolai Reshetikhin},
  journal={Contemporary Mathematics},
  volume={248},
  pages={163--205},
  year={1999},
  eprint={math/9810055},
  archivePrefix={arXiv},
  %primaryClass={math.QA},
}
@article{liu2022representation,
  title={A Representation-Theoretic Approach to $qq$-Characters},
  author={Liu, Henry},
  journal={SIGMA. Symmetry, Integrability and Geometry: Methods and Applications},
  volume={18},
  pages={090},
  year={2022},
  publisher={SIGMA. Symmetry, Integrability and Geometry: Methods and Applications},
  archivePrefix={arXiv},
  eprint={2203.07072},
}
@book{kimura2021instanton,
  title={Instanton counting, quantum geometry and algebra},
  author={Kimura, Taro},
  year={2021},
  publisher={Springer},
  doi={10.1007/978-3-030-76190-5}
}
@article{nekrasov2016bpsII,
  title={BPS/CFT correspondence II: Instantons at crossroads, moduli and compactness theorem},
  author={Nekrasov, Nikita},
  journal={Advances in Theoretical and Mathematical Physics},
  volume={21},
  year={2017},
  pages={503--583},
  archivePrefix={arXiv},
  eprint={1608.07272},
}
@inproceedings{drinfeld1985hopf,
  title={Hopf algebras and the quantum Yang--Baxter equation},
  author={Drinfeld, Vladimir Gershonovich},
  booktitle={Doklady Akademii Nauk},
  volume={283},
  number={5},
  pages={1060--1064},
  year={1985},
  organization={Russian Academy of Sciences}
}
@article{jimbo1985q,
  title={A $q$-difference analogue of $U(\mathfrak g)$ and the Yang-Baxter equation},
  author={Jimbo, Michio},
  journal={Letters in Mathematical Physics},
  volume={10},
  pages={63--69},
  year={1985},
  publisher={Springer}
}
@article{nakajima2001quiver,
  title={Quiver varieties and finite dimensional representations of quantum affine algebras},
  author={Nakajima, Hiraku},
  journal={Journal of the American Mathematical Society},
  volume={14},
  number={1},
  pages={145--238},
  year={2001},
  archivePrefix={arXiv},
  eprint={math/9912158},
}
@article{knight1995spectra,
  title={Spectra of tensor products of finite dimensional representations of Yangians},
  author={Knight, Harold},
  journal={Journal of Algebra},
  volume={174},
  number={1},
  pages={187--196},
  year={1995},
  publisher={Elsevier}
}
@article{kimura2018quiver,
  title={Quiver W-algebras},
  author={Kimura, Taro and Pestun, Vasily},
  journal={Letters in Mathematical Physics},
  volume={108},
  pages={1351--1381},
  year={2018},
  publisher={Springer},
  archivePrefix={arXiv},
  eprint={1512.08533},
}
@article{kimura2018fractional,
  title={Fractional quiver W-algebras},
  author={Kimura, Taro and Pestun, Vasily},
  journal={Letters in Mathematical Physics},
  volume={108},
  pages={2425--2451},
  year={2018},
  publisher={Springer},
  archivePrefix={arXiv},
  eprint={1705.04410},
}
@article{bayindirli2023r,
  title={On $R$-matrix formulation of $qq$-characters},
  author={Bayındırlı, Mehmet Batu and Demirtaş, Dilan Nur and Kozçaz, Can and Zenkevich, Yegor},
  year={2023},
  archivePrefix={arXiv},
  eprint={2310.02587},
}
@article{frenkel2001combinatorics,
  title={Combinatorics of $q$-characters of finite-dimensional representations of quantum affine algebras},
  author={Frenkel, Edward and Mukhin, Evgeny},
  journal={Communications in Mathematical Physics},
  volume={216},
  pages={23--57},
  year={2001},
  publisher={Springer},
  archivePrefix={arXiv},
  eprint={math/9911112},
}
@article{feigin2022combinatorics,
  title={Combinatorics of vertex operators and deformed W-algebra of type D (2, 1; $\alpha$)},
  author={Feigin, B and Jimbo, M and Mukhin, E},
  journal={Advances in Mathematics},
  volume={403},
  pages={108331},
  year={2022},
  publisher={Elsevier}
}
@article{nekrasov2018bps,
  title={BPS/CFT Correspondence III: Gauge Origami partition function and $qq$-characters},
  author={Nekrasov, Nikita},
  journal={Communications in Mathematical Physics},
  volume={358},
  pages={863--894},
  year={2018},
  publisher={Springer},
  archivePrefix={arXiv},
  eprint={1701.00189},
}


% Other maths
@book{milnor1974characteristic,
  title={Characteristic classes},
  author={Milnor, John Willard and Stasheff, James D},
  number={76},
  year={1974},
  publisher={Princeton University Press}
}
@misc{hatcher2003vector,
  title={Vector bundles and K-theory},
  author={Hatcher, Allen},
  url={https://pi.math.cornell.edu/~hatcher/VBKT/VBpage.html},
  year={2003}
}
@book{steenrod1999topology,
  title={The topology of fibre bundles},
  author={Steenrod, Norman},
  volume={27},
  year={1999},
  publisher={Princeton University Press}
}
@book{brouwer2011spectra,
  title={Spectra of graphs},
  author={Brouwer, Andries E and Haemers, Willem H},
  year={2011},
  publisher={Springer Science \& Business Media}
}
@book{kac1990infinite,
  title={Infinite-dimensional Lie algebras},
  author={Kac, Victor G},
  year={1990},
  publisher={Cambridge University Press}
}
@book{hatcher2005algebraic,
  title={Algebraic topology},
  author={Hatcher, Allen},
  year={2001},
  publisher={Cambridge University Press}
}
@article{khovanskii1992newton,
  title={Newton Polyhedra (algebra and geometry)},
  author={Khovanskii, AG},
  journal={Amer. Math. Soc. Transl.(2)},
  volume={153},
  pages={1--15},
  year={1992}
}

% Physics background
@article{seiberg1994electric,
  title={Electric-magnetic duality, monopole condensation, and confinement in $\mathcal N=2$ supersymmetric Yang-Mills theory},
  author={Seiberg, Nathan and Witten, Edward},
  journal={Nuclear Physics B},
  volume={426},
  number={1},
  pages={19--52},
  year={1994},
  publisher={Elsevier},
}
@article{novikov1983exact,
  title={Exact Gell-Mann-Low function of supersymmetric Yang-Mills theories from instanton calculus},
  author={Novikov, VA and Shifman, Mikhail A and Vainshtein, AI and Zakharov, Valentin I},
  journal={Nuclear Physics B},
  volume={229},
  number={2},
  pages={381--393},
  year={1983},
  publisher={Elsevier}
}
@article{nekrasov2023seiberg,
  title={Seiberg-Witten geometry of four-dimensional $\mathcal N=2$ quiver gauge theories},
  author={Nekrasov, Nikita and Pestun, Vasily and others},
  journal={SIGMA. Symmetry, Integrability and Geometry: Methods and Applications},
  volume={19},
  pages={047},
  year={2023},
  publisher={SIGMA. Symmetry, Integrability and Geometry: Methods and Applications},
  archivePrefix={arXiv},
  eprint={1211.2240},
}
@article{bilal2001introduction,
  author = {Bilal, Adel},
  title = {Introduction to Supersymmetry},
  year = {2001},
  archivePrefix={arXiv},
  eprint={hep-th/0101055v1},
}
@misc{elliott2015omega,
  title={$\Omega$-Background and the Nekrasov Partition Function},
  author={Elliott, Chris},
  url={https://www.ihes.fr/~celliott/Omega_background.pdf},
  year={2015}
}


% Other...
@book{macdonald1998symmetric,
  title={Symmetric functions and Hall polynomials},
  author={Macdonald, Ian Grant},
  year={1998},
  publisher={Oxford university press}
}
@book{kobayashi1996foundations,
  title={Foundations of differential geometry, volume 2},
  author={Kobayashi, Shoshichi and Nomizu, Katsumi},
  volume={61},
  year={1996},
  publisher={John Wiley \& Sons}
}
@misc{lindenhovius2011instantons,
  title={Instantons and the ADHM Construction},
  author={Lindenhovius, AJ},
  url={https://ncatlab.org/nlab/files/Lindenhovius-Instantons.pdf},
  year={2011}
}